
@PHDTHESIS{Wirth:2000,
author = {Wirth, Anthony Ian},
title = {A Plasmodium falciparum Genefinder: Honours research project},
school = {University of Melbourne},
year = {2000},
type = {Honours Thesis},
}



@article{QiuandCui ,
author = "Jing Qiu and Xiangqin Cui " ,
year = "2010" ,
title = "Evaluation of a Statistical Equivalence Test Applied to Microarray Data",
month = "March",
volume = "20",
number = "2",
pages = "240 -266",
journal = "Journal of Biopharmaceutical Statistics"
}

@book{wellek,
author = "Stefan Wellek",
title = "Testing Statistical Hypotheses of Equivalence and Noninferiority",
year = 2010,
edition = "second",
publisher = "Chapman \& Hall/CRC",
address = "Boca Raton, FL"
}

@book{models,
author = "Ronald R. Hocking",
title = "The Analysis of Linear Models",
year = "1985",
edition = "first",
publisher = "Wadsworth Inc.",
address = "Belmont, California 94002"
}

@book{BootstrapBook,
title = "An Introduction to the Bootstrap",
author = "Bradley Efron and Robert J. Tibshirani",
year = "1993",
publisher = " Chapman \& Hall",
address = "New York, NY"
}

@article{ Eijgelaar,
author = "W. J. Eijgelaar and A. J. Horrevoets and A. P. Bijnes and M.J. Daemen and W. F. Verhaegh",
year = "2010",
title = "Equivalence testing in microarray analysis: similarities in the transcriptome of human atherosclerotic and nonatherosclerotic macrophages",
journal = "Physiological Genomics",
month = "January 12",
volume = "41",
pages = "212 -223"
}

@article{Birkett,
author = "D.J. Birkett",
year = "2003",
title = "Generics - equal or not?",
journal = "Australian Prescriber",
volume = "26",
number = "4"
}

@article{altman,
author = "D.G. Altman and J.M. Bland",
year = "1995" ,
title = " Absence of evidence is not evidence of absence" ,
journal = "British Medical Journal",
volume = "311",
pages = "485"
}


@article{ microarray,
author = "Dari Shalon and Stephen J. Smith and , Patrick O. Brown",
title = " A DNA Microarray System for Analyzing Complex DNA Samples Using Two - Color Fluorescent Probe Hybridization",
journal = "Genome Research",
year = "1996",
volume = "6",
pages = "639-645"
}

@article{adjaye,
author = " J. Adjaye and R. Herwig and D. Herrmann and W. Wruck and A. Benkahla and T. C. Brink and M. Nowak and J. W. Carnwath and C. Hultschig and H. Niemann and H. Lehrach",
year = "2004",
title = "Cross species hybridization of human and bovine orthologous genes on high density cDNA microarrays",
journal = "BMC Genomics",
volume = "5",
pages = "83"
}

@article{price,
author = "A. M. Price and D. F. Aros Orellana and F. M.  Salleh and R. Stevens and R. Acock and V. Buchanan-Wollaston and A. D. Stead and H. J. Rogers",
year = "2008",
title = "A comparison of leaf and petal senescence in wallflower reveals common and distinct patterns of gene expression and physiology.",
journal = "Plant Physiology",
volume = "147",
pages = "1898 - 912"
}

@article{rodriguez,
author = "M. Rodriguez-LAnnety and W. S. Phillips and  S. Dove and O. Hoegh-Guldberg and V. M. Weis",
year = "2007",
title = "Analytical approach for selecting normalizing genes from a cDNA microarray platform to be used in q-RT-PCR assays: a cnidarian case study. ",
journal = "Journal of Biochemical and Biophysical Methods",
volume = "70",
pages = "985-991"
}

@Manual{R,
title = {R: A Language and Environment for Statistical Computing},
author = {{R Development Core Team}},
organization = {R Foundation for Statistical Computing},
address = {Vienna, Austria},
year = {2010},
note = {{ISBN} 3-900051-07-0},
url = {http://www.R-project.org},
}
  
 @incollection{LIMMA,
title = {LIMMA: linear models for microarray data},
author = {Gordon K. Smyth},
booktitle = {Bioinformatics and Computational Biology Solutions using R and Bioconductor},
editor = {R. Gentleman and V. Carey and S. Dudoit and R. Irizarry, W. Huber},
publisher = {Springer},
address = {New York},
year = {2005},
pages = {397--420},
}


@article{ Renn,
title = " Fish and chip: functional genomics of social plasticity in an {A}frican cichlid fish ",
author = " Susan C. P. Renn and Nadia Aubin Horth and Hans A Hofmann",
year = "2008",
journal = "The Journal of Experimental Biology",
volume = "211",
pages = " 3041-3056"
}

@book{linear,
title = "Linear Algebra",
edition = "fourth",
author = "Stephen H. Friedberg and Arnold J. Insel and Lawrence E. Spence",
year = "2003",
publisher = "Pearson Education, Inc.",
address = "Upper Saddle River, New Jersey 07458"
}

@book{ Intro,
title = "Introduction to Probability and Mathematical Statistics",
edition = "second",
author = "Lee J. Bain and Max Englehardt",
year = "1992",
publisher = "Brooks/Cole, Cengage Learning",
address = "Belmont, California"
}

@book{regression,
title = "Mathematical Statistics: Basic Ideas and Selected Topics",
edition = "first",
year = "1997",
author = "Peter J. Bickel and Kjell A. Doksum",
publisher = "Holden-Day, Inc.",
address = "Oakland, California"
}

@article{FDR,
title = "Controlling the False Discovery Rate: a Practical and Powerful Approach to Multiple Testing",
author = "Yoah Benjamini and Yosef Hochberg",
year = "1995",
journal = "Journal of the Royal Statistical Society",
volume = "57",
number = "1",
pages = "289-300",
}